@online{InterpolationWikipedia,
  author = {Wikipedia},
  title = {Interpolation polynomiale},
  year = 2015,
  url = {https://fr.wikipedia.org/wiki/Interpolation_polynomiale},
  urldate = {2015-09-06}
}
@Book{Auteur1_Livre,
 author    = " Endre SÃ¼li, David F. Mayers,",
 title     = "An Introduction to Numerical Analysis",
 publisher = "Cambridge University Press",
 year      =  "2003"
}

@article{Auteur_ArticleSci,
  title={Titre de l'article},
  author={Auteur1 and Co-Auteur},
  journal={Journal of Blah-Blah},
  volume={724},
  pages={pages 527--552},
  year={2016},
  publisher={Blah-Blah Publisher}
}