@Book{Auteur1_Livre,
 author    = "Auteur1, co-auteur1 and co-auteur2",
 title     = "titre de l'ouvrage/du livre",
 publisher = "Blah-Blah Publisher",
 year      =  "1871"
}

@article{Auteur_ArticleSci,
  title={Titre de l'article},
  author={Auteur1 and Co-Auteur},
  journal={Journal of Blah-Blah},
  volume={724},
  pages={pages 527--552},
  year={2016},
  publisher={Blah-Blah Publisher}
}